<?xml version="1.0" encoding="UTF-8"?>
<Document>
	<BkToCstmrDbtCdtNtfctn>

		<GrpHdr>
			<MsgId>Message-1</MsgId>
			<CreDtTm>JJJJ-MM-TTThh:mm:ss+01:00</CreDtTm>
			<MsgRcpt>
				<Nm>Testkunde</Nm>
				<Id>
					<OrgId>
						<Othr>
							<Id>ID01</Id>
							<Issr>EBICS</Issr>
						</Othr>
					</OrgId>
				</Id>
			</MsgRcpt>
			<MsgPgntn>
				<PgNb>1</PgNb>
				<LastPgInd>true</LastPgInd>
			</MsgPgntn>
		</GrpHdr>

		<Ntfctn> <!--  Beginn einer Notifikation Sammelbuchungsinfo  -->
			<Id>EZ1</Id>
			<CreDtTm>JJJJ-MM-TTThh:mm:ss+01:00</CreDtTm>
			<Acct>
				<Id>
					<IBAN>DE11111111111111111111</IBAN>
				</Id>
				<Ccy>EUR</Ccy>
				<Ownr>
					<Nm>Testkunde</Nm>
				</Ownr>
				<Svcr>
					<FinInstnId>
						<BIC>AAAAYYYYXXX</BIC>
						<Othr>
							<Id>10001</Id>
							<Issr>UmsStId</Issr>
						</Othr>
					</FinInstnId>
				</Svcr>
			</Acct>
			<Ntry> <!--  Beginn einer Sammelbuchung  -->
			    
				<Amt Ccy="EUR">600.00</Amt>
				<CdtDbtInd>CRDT</CdtDbtInd>
				<Sts>BOOK</Sts>
				<BookgDt>
					<Dt>JJJJ-MM-TT</Dt>
				</BookgDt>
				<ValDt>
					<Dt>JJJJ-MM-TT</Dt>
				</ValDt>
				<AcctSvcrRef>1111</AcctSvcrRef>
				<NtryDtls> 
					<Btch>
						<NbOfTxs>2</NbOfTxs>
					</Btch>
					<TxDtls> <!--  Einzelne Transaktion innerhalb einer Sammelbuchung -->
						<Refs>
							<AcctSvcrRef>A1001</AcctSvcrRef>
							<EndToEndId>E1001</EndToEndId>
							<TxId>TID1001</TxId>
						</Refs>
						<AmtDtls>
							<TxAmt>
								<Amt Ccy="EUR">300.00</Amt>
							</TxAmt>
						</AmtDtls>
						<BkTxCd>
							<Prtry>
								<Cd>ABC</Cd>
								<Issr>ZZZ</Issr>
							</Prtry>
						</BkTxCd>
						<RltdPties>
							<Dbtr>
								<Nm>TestDebitor1</Nm>
								<PstlAdr>
									<Ctry>DE</Ctry>
									<AdrLine>Unbekannt</AdrLine>
									<AdrLine>GERMANY</AdrLine>
								</PstlAdr>
							</Dbtr>
							<DbtrAcct>
								<Id>
									<IBAN>DE22222222222222222222</IBAN>
								</Id>
							</DbtrAcct>
							<Cdtr>
								<Nm>TestCeditor1</Nm>
							</Cdtr>
							<CdtrAcct>
								<Id>
									<IBAN>DE33333333333333333333</IBAN>
								</Id>
							</CdtrAcct>
						</RltdPties>
						<RltdAgts>
							<DbtrAgt>
								<FinInstnId>
									<BIC>BBBBYYYYXXX</BIC>
								</FinInstnId>
							</DbtrAgt>
							<CdtrAgt>
								<FinInstnId>
									<BIC>AAAAYYYYXXX</BIC>
								</FinInstnId>
							</CdtrAgt>
						</RltdAgts>
						<RmtInf>
							<Ustrd>1</Ustrd>
						</RmtInf>
						<AddtlTxInf>Ueberweisung</AddtlTxInf>
					</TxDtls>

					<TxDtls>
						<Refs>
							<AcctSvcrRef>A1002</AcctSvcrRef>
							<EndToEndId>E1002</EndToEndId>
							<TxId>TID1002</TxId>
						</Refs>
						<AmtDtls>
							<TxAmt>
								<Amt Ccy="EUR">200.00</Amt>
							</TxAmt>
						</AmtDtls>
						<BkTxCd>
							<Prtry>
								<Cd>BBBB</Cd>
								<Issr>ZZZ</Issr>
							</Prtry>
						</BkTxCd>
						<RltdPties>
							<Dbtr>
								<Nm>TestDebito2</Nm>
								<PstlAdr>
									<Ctry>DE</Ctry>
									<AdrLine>Unbekannt</AdrLine>
									<AdrLine>GERMANY</AdrLine>
								</PstlAdr>
							</Dbtr>
							<DbtrAcct>
								<Id>
									<IBAN>DE66666666666666666666</IBAN>
								</Id>
							</DbtrAcct>
							<Cdtr>
								<Nm>TestCreditor2</Nm>
							</Cdtr>
							<CdtrAcct>
								<Id>
									<IBAN>DE77777777777777777777</IBAN>
								</Id>
							</CdtrAcct>
						</RltdPties>
						<RltdAgts>
							<DbtrAgt>
								<FinInstnId>
									<BIC>BBBBYYYYXXX</BIC>
								</FinInstnId>
							</DbtrAgt>
							<CdtrAgt>
								<FinInstnId>
									<BIC>AAAAYYYYXXX</BIC>
								</FinInstnId>
							</CdtrAgt>
						</RltdAgts>
						<RmtInf>
							<Ustrd>2</Ustrd>
						</RmtInf>
						<AddtlTxInf>Ueberweisung</AddtlTxInf>
					</TxDtls>


					<TxDtls>
						<Refs>
		   					<AcctSvcrRef>A1003</AcctSvcrRef>
							<EndToEndId>E1003</EndToEndId>
							<TxId>TID1003</TxId>
						</Refs>
						<AmtDtls>
							<TxAmt>
								<Amt Ccy="EUR">100.00</Amt>
							</TxAmt>
						</AmtDtls>
						<BkTxCd>
							<Prtry>
								<Cd>CCCCC</Cd>
								<Issr>ZZZ</Issr>
							</Prtry>
						</BkTxCd>
						<RltdPties>
							<Dbtr>
								<Nm>Name SEPA Debtor</Nm>
								<PstlAdr>
									<Ctry>DE</Ctry>
									<AdrLine>Unbekannt</AdrLine>
									<AdrLine>GERMANY</AdrLine>
								</PstlAdr>
							</Dbtr>
							<DbtrAcct>
								<Id>
									<IBAN>DE88888888888888888888</IBAN>
								</Id>
							</DbtrAcct>
							<Cdtr>
								<Nm>Name SEPA Creditor 2</Nm>
							</Cdtr>
							<CdtrAcct>
								<Id>
									<IBAN>DE99999999999999999999</IBAN>
								</Id>
							</CdtrAcct>
						</RltdPties>
						<RltdAgts>
							<DbtrAgt>
								<FinInstnId>
									<BIC>BBBBYYYYXXX</BIC>
								</FinInstnId>
							</DbtrAgt>
							<CdtrAgt>
								<FinInstnId>
									<BIC>AAAAYYYYXXX</BIC>
								</FinInstnId>
							</CdtrAgt>
						</RltdAgts>
						<RmtInf>
							<Ustrd>3</Ustrd>
						</RmtInf>
						<AddtlTxInf>Ueberweisung</AddtlTxInf>
					</TxDtls>
				</NtryDtls>
			</Ntry>
		</Ntfctn>
	</BkToCstmrDbtCdtNtfctn>
</Document>